<?xml version="1.0" encoding="UTF-8"?>
<record xmlns="http://www.loc.gov/MARC21/slim" xmlns:xsi="http://www.w3.org/2001/XMLSchema-instance" xsi:schemaLocation="http://www.loc.gov/MARC21/slim http://www.loc.gov/standards/marcxml/schema/MARC21slim.xsd">
<leader>     nam a2200253 a 4500</leader>
<controlfield tag="001">001683125</controlfield>
<controlfield tag="003">NNU</controlfield>
<controlfield tag="005">20001219005107.0</controlfield>
<controlfield tag="008">000919s1968    iq cf    b    000 0barard</controlfield>
<datafield tag="010" ind1=" " ind2=" ">
<subfield code="a">72238030 /NE</subfield>
</datafield>
<datafield tag="035" ind1="9" ind2=" ">
<subfield code="a">NYUb12226545</subfield>
</datafield>
<datafield tag="035" ind1=" " ind2=" ">
<subfield code="a">(CStRLIN)CASX92-B67911</subfield>
</datafield>
<datafield tag="040" ind1=" " ind2=" ">
<subfield code="c">NN</subfield>
<subfield code="d">NN</subfield>
<subfield code="d">CU-SB</subfield>
</datafield>
<datafield tag="050" ind1="0" ind2="0">
<subfield code="a">PJ7860.A34</subfield>
<subfield code="b">Z59</subfield>
</datafield>
<datafield tag="100" ind1="1" ind2=" ">
<subfield code="a">Badrī, Muṣṭafá Nuʻmān,</subfield>
<subfield code="d">1934-</subfield>
</datafield>
<datafield tag="245" ind1="1" ind2="3">
<subfield code="a">al-Imām Muṣṭafá Ṣādiq al-Rāfiʻī /</subfield>
<subfield code="c">Muṣṭafá Nuʻmān Ḥusayn al-Badrī ; [qaddama la-hu Muḥammad Bahjah al-Atharī].</subfield>
</datafield>
<datafield tag="260" ind1=" " ind2=" ">
<subfield code="a">[Baghdad] :</subfield>
<subfield code="b">Sāʻadat Jāmiʻat Baghdād ʻalá ṭabʻih :</subfield>
<subfield code="b">Maṭbaʻat Dār al-Baṣrī,</subfield>
<subfield code="c">[1968]</subfield>
</datafield>
<datafield tag="300" ind1=" " ind2=" ">
<subfield code="a">12, 488 p., [2] leaves of plates :</subfield>
<subfield code="b">ports. ;</subfield>
<subfield code="c">25 cm.</subfield>
</datafield>
<datafield tag="500" ind1=" " ind2=" ">
<subfield code="a">Title on p. [4] of cover: Mustafa Sadiq al-Rafiʻi, his age, his biography, and his writtings [sic].</subfield>
</datafield>
<datafield tag="504" ind1=" " ind2=" ">
<subfield code="a">Includes bibliographical references (p. 479-486).</subfield>
</datafield>
<datafield tag="600" ind1="1" ind2="0">
<subfield code="a">Rāfiʻī, Muṣṭafá Ṣādiq,</subfield>
<subfield code="d">d. 1937.</subfield>
</datafield>
<datafield tag="740" ind1="0" ind2=" ">
<subfield code="a">Mustafa Sadiq al-Rafiʻi, his age, his biography, and his writings.</subfield>
</datafield>
<datafield tag="OWN" ind1=" " ind2=" ">
<subfield code="a">GENERAL</subfield>
</datafield>
<datafield tag="950" ind1=" " ind2=" ">
<subfield code="l">BMAIN</subfield>
<subfield code="a">PJ7860.A34</subfield>
<subfield code="b">Z59</subfield>
</datafield>
<datafield tag="955" ind1=" " ind2=" ">
<subfield code="l">BMAIN</subfield>
<subfield code="c">1</subfield>
<subfield code="r">029066068</subfield>
</datafield>
<datafield tag="998" ind1=" " ind2=" ">
<subfield code="s">9115</subfield>
</datafield>
<datafield tag="AVA" ind1=" " ind2=" ">
<subfield code="a">NYU50</subfield>
<subfield code="b">BOBST</subfield>
<subfield code="c">Main Collection</subfield>
<subfield code="d">PJ7860.A34 Z59</subfield>
<subfield code="e">unavailable</subfield>
<subfield code="t">Unavailable</subfield>
<subfield code="f">1</subfield>
<subfield code="g">1</subfield>
<subfield code="h">N</subfield>
<subfield code="i">0</subfield>
<subfield code="j">MAIN</subfield>
<subfield code="k">0</subfield>
</datafield>
</record>
